@article{nonlinear,
  title={Nonlinear optics},
  author={Zheltikov, Aleksei and L'Huillier, Anne and Krausz, Ferenc},
  journal={Springer Handbook of Lasers and Optics},
  pages={157},
  year={2007}
}
@article{monterroso2024macromolecular,
  title={Macromolecular crowding, phase separation, and homeostasis in the orchestration of bacterial cellular functions},
  author={Monterroso, Bego{\~n}a and Margolin, William and Boersma, Arnold J and Rivas, Germ{\'a}n and Poolman, Bert and Zorrilla, Silvia},
  journal={Chemical reviews},
  volume={124},
  number={4},
  pages={1899--1949},
  year={2024},
  publisher={ACS Publications}
}
@article{neurohr2020relevance,
  title={Relevance and regulation of cell density},
  author={Neurohr, Gabriel E and Amon, Angelika},
  journal={Trends in cell biology},
  volume={30},
  number={3},
  pages={213--225},
  year={2020},
  publisher={Elsevier}
}
@article{persson2020viscoadaptation,
  title={Viscoadaptation Controls Diffusion and Intracellular Reaction Rates in Response to Heat and Energy Availability},
  author={Persson, Laura and Ambati, Vardhaan and Brandman, Onn},
  journal={Biophysical Journal},
  volume={118},
  number={3},
  pages={134a},
  year={2020},
  publisher={Elsevier}
}

@article{neurohr2019excessive,
  title={Excessive cell growth causes cytoplasm dilution and contributes to senescence},
  author={Neurohr, Gabriel E and Terry, Rachel L and Lengefeld, Jette and Bonney, Megan and Brittingham, Gregory P and Moretto, Fabien and Miettinen, Teemu P and Vaites, Laura Pontano and Soares, Luis M and Paulo, Joao A and others},
  journal={cell},
  volume={176},
  number={5},
  pages={1083--1097},
  year={2019},
  publisher={Elsevier}
}

@article{sakai2024cytoplasmic,
  title={Cytoplasmic fluidization contributes to breaking spore dormancy in fission yeast},
  author={Sakai, Keiichiro and Kondo, Yohei and Goto, Yuhei and Aoki, Kazuhiro},
  journal={Proceedings of the National Academy of Sciences},
  volume={121},
  number={26},
  pages={e2405553121},
  year={2024},
  publisher={National Academy of Sciences}
}

@article{abuhattum2018intracellular,
  title={Intracellular mass density increase is accompanying but not sufficient for stiffening and growth arrest of yeast cells},
  author={Abuhattum, Shada and Kim, Kyoohyun and Franzmann, Titus M and E{\ss}linger, Anne and Midtvedt, Daniel and Schl{\"u}{\ss}ler, Raimund and M{\"o}llmert, Stephanie and Kuan, Hui-Shun and Alberti, Simon and Zaburdaev, Vasily and others},
  journal={Frontiers in Physics},
  volume={6},
  pages={131},
  year={2018},
  publisher={Frontiers Media SA}
}

@article{laman2022slowest,
  title={Slowest possible replicative life at frigid temperatures for yeast},
  author={Laman Trip, Diederik S and Maire, Th{\'e}o and Youk, Hyun},
  journal={Nature Communications},
  volume={13},
  number={1},
  pages={7518},
  year={2022},
  publisher={Nature Publishing Group UK London}
}